@article{qp,
	author = {Michael Webster-Clark and Rachael K Ross and Alexander P Keil and Robert W Platt},
	date-added = {2025-02-23 00:18:38 -0800},
	date-modified = {2025-02-23 00:20:03 -0800},
	journal = {American Journal of Epidemiology},
	month = {8},
	title = {Variable selection when estimating effects in external target populations},
	volume = {193, Issue 8},
	year = {2024}}


@article{rd,
	author = {Tyler J VanderWeele},
	date-added = {2025-02-24 23:56:35 -0800},
	date-modified = {2025-02-24 23:58:11 -0800},
	journal = {Epidemiology},
	number = {1},
	pages = {162},
	title = {On the distinction between interaction and effect modification},
	volume = {21},
	year = {2010}}


@article{internal,
	author = {Daniel Westreich and Jessie K Edwards and Catherine R Lesko and Stephen R Cole and Elizabeth A Stuart},
	date-added = {2025-02-23 18:21:46 -0800},
	date-modified = {2025-02-23 18:23:50 -0800},
	journal = {Am J Epidemiol},
	number = {2},
	pages = {438-443},
	title = {Target Validity and the Hierarchy of Study Designs.},
	volume = {188},
	year = {2019}}

@article{instrument,
	author = {Jessica A Myers and Jeremy A Rassen and Joshua J Gagne and Krista F Huybrechts and Sebastian Schneeweiss and Kenneth J Rothman and Marshall M Joffe and Robert J Glynn},
	date-added = {2025-02-23 18:23:56 -0800},
	date-modified = {2025-02-23 18:25:25 -0800},
	journal = {Am J Epidemiol},
	month = {12},
	number = {11},
	pages = {1213-1222},
	title = {Effects of adjusting for instrumental variables on bias and precision of effect estimates},
	volume = {174},
	year = {2011}}

